@article{lustig2007sparse,
  title={Sparse MRI: The application of compressed sensing for rapid MR imaging},
  author={Lustig, Michael and Donoho, David and Pauly, John M},
  journal={Magnetic resonance in medicine},
  volume={58},
  number={6},
  pages={1182--1195},
  year={2007},
  publisher={Wiley Online Library}
}

@article{JMechPhysSol_analytical,
  author = {DS Balint and JW Hutchinson},
  title = {An Analytical model of rumpling in thermal barrier coatings.},
  journal = {J.\ Mech.\ Phys.\ Solids},
  volume = {53},
  pages = {949-973},
  year = {2005}
}
