@article{lustig2007sparse,
  title={Sparse MRI: The application of compressed sensing for rapid MR imaging},
  author={Lustig, Michael and Donoho, David and Pauly, John M},
  journal={Magnetic resonance in medicine},
  volume={58},
  number={6},
  pages={1182--1195},
  year={2007},
  publisher={Wiley Online Library}
}
@article{duarte2008single,
  title={Single-pixel imaging via compressive sampling},
  author={Duarte, Marco F and Davenport, Mark A and Takhar, Dharmpal and Laska, Jason N and Sun, Ting and Kelly, Kevin E and Baraniuk, Richard G},
  journal={IEEE Signal Processing Magazine},
  volume={25},
  number={2},
  pages={83},
  year={2008}
}
 @misc{ wiki:MRI,
   author = "Wikipedia",
   title = "Plagiarism --- {W}ikipedia{,} The Free Encyclopedia",
   year = "2004",
   url = "http://en.wikipedia.org/wiki/Magnetic_resonance_imaging",

 }
 
 @article{twieg1983k,
  title={The k-trajectory formulation of the NMR imaging process with applications in analysis and synthesis of imaging methods},
  author={Twieg, Donald B},
  journal={Medical Physics},
  volume={10},
  number={5},
  pages={610--621},
  year={1983},
  publisher={American Association of Physicists in Medicine}
}

@article{coifman2001noiselets,
  title={Noiselets},
  author={Coifman, Ronald and Geshwind, F and Meyer, Yves},
  journal={Applied and Computational Harmonic Analysis},
  volume={10},
  number={1},
  pages={27--44},
  year={2001},
  publisher={Elsevier}
}

@article{robucci2010compressive,
  title={Compressive sensing on a CMOS separable-transform image sensor},
  author={Robucci, Ryan and Gray, Jordan D and Chiu, Leung Kin and Romberg, Justin and Hasler, Paul},
  journal={Proceedings of the IEEE},
  volume={98},
  number={6},
  pages={1089--1101},
  year={2010},
  publisher={IEEE}
}

@article{koh2007interior,
  title={An interior-point method for large-scale l1-regularized logistic regression.},
  author={Koh, Kwangmoo and Kim, Seung-Jean and Boyd, Stephen P},
  journal={Journal of Machine learning research},
  volume={8},
  number={8},
  pages={1519--1555},
  year={2007}
}

@inproceedings{mohimani2008complex,
  title={Complex-valued sparse representation based on smoothed L0 norm},
  author={Mohimani, G Hosein and Babaie-Zadeh, Massoud and Jutten, Christian},
  booktitle={Acoustics, Speech and Signal Processing, 2008. ICASSP 2008. IEEE International Conference on},
  pages={3881--3884},
  year={2008},
  organization={IEEE}
}